[gd_scene load_steps=6 format=2]

[ext_resource path="res://Scenes/Games/Letterfill/Letterfill.gd" type="Script" id=1]
[ext_resource path="res://Prefabs/NetworkWorld/NetworkWorld.tscn" type="PackedScene" id=2]
[ext_resource path="res://Scenes/Games/Letterfill/Prefabs/TallyCounter/TallyCounter.tscn" type="PackedScene" id=3]
[ext_resource path="res://GamePrefabs/Button/Button.tscn" type="PackedScene" id=4]
[ext_resource path="res://Scenes/Games/Letterfill/CameraRotation.gd" type="Script" id=5]

[node name="Letterfill" type="Spatial"]
script = ExtResource( 1 )

[node name="CameraOrigin" type="Spatial" parent="."]
transform = Transform( -1, 0, -8.74228e-08, 0, 1, 0, 8.74228e-08, 0, -1, 0, 0, 0 )
script = ExtResource( 5 )

[node name="Camera" type="Camera" parent="CameraOrigin"]
transform = Transform( 1, 0, 0, 0, 0.702066, 0.712112, 0, -0.712112, 0.702066, 0, 6.86413, 9.36538 )
current = true

[node name="NetworkWorld" parent="." instance=ExtResource( 2 )]

[node name="ColorList" type="ItemList" parent="."]
margin_right = 106.0
margin_bottom = 108.0
items = [ "Red", null, false, "Green", null, false, "Blue", null, false, "Purple", null, false, "Cyan", null, false ]
__meta__ = {
"_edit_use_anchors_": false
}

[node name="TallyCounter" parent="." instance=ExtResource( 3 )]
transform = Transform( 0.25, 0, 0, 0, 0.25, 0, 0, 0, 0.25, -4.62194, 0.182255, 6.13956 )

[node name="Button" parent="." instance=ExtResource( 4 )]
transform = Transform( 1, 0, 0, 0, 1, 0, 0, 0, 1, -6.40275, 0, 6.88344 )

[node name="TallyCounter2" parent="." instance=ExtResource( 3 )]
transform = Transform( -0.25, 0, -2.18557e-08, 0, 0.25, 0, 2.18557e-08, 0, -0.25, 4.62194, 0.182255, -6.13956 )

[node name="Button2" parent="." instance=ExtResource( 4 )]
transform = Transform( -1, 0, -8.74228e-08, 0, 1, 0, 8.74228e-08, 0, -1, 6.40274, 0, -6.88345 )

[node name="TallyCounter3" parent="." instance=ExtResource( 3 )]
transform = Transform( -1.09278e-08, 0, 0.25, 0, 0.25, 0, -0.25, 0, -1.09278e-08, 6.13956, 0.182255, 4.62194 )

[node name="Button3" parent="." instance=ExtResource( 4 )]
transform = Transform( -4.37114e-08, 0, 1, 0, 1, 0, -1, 0, -4.37114e-08, 6.88344, 0, 6.40275 )

[node name="TallyCounter4" parent="." instance=ExtResource( 3 )]
transform = Transform( 3.27835e-08, 0, -0.25, 0, 0.25, 0, 0.25, 0, 3.27835e-08, -6.13956, 0.182255, -4.62194 )

[node name="Button4" parent="." instance=ExtResource( 4 )]
transform = Transform( 1.31134e-07, 0, -1, 0, 1, 0, 1, 0, 1.31134e-07, -6.88345, 0, -6.40274 )

[connection signal="item_selected" from="ColorList" to="." method="_on_ColorList_item_selected"]
[connection signal="pressed" from="Button" to="." method="_on_Button_pressed"]
[connection signal="right_pressed" from="Button" to="." method="_on_Button_right_pressed"]
[connection signal="pressed" from="Button2" to="." method="_on_Button2_pressed"]
[connection signal="right_pressed" from="Button2" to="." method="_on_Button2_right_pressed"]
[connection signal="pressed" from="Button3" to="." method="_on_Button3_pressed"]
[connection signal="right_pressed" from="Button3" to="." method="_on_Button3_right_pressed"]
[connection signal="pressed" from="Button4" to="." method="_on_Button4_pressed"]
[connection signal="right_pressed" from="Button4" to="." method="_on_Button4_right_pressed"]
