[gd_scene load_steps=9 format=2]

[ext_resource path="res://Scenes/Games/Tabletop/Visibility.gd" type="Script" id=1]
[ext_resource path="res://Prefabs/NetworkEntity/NetworkEntity.tscn" type="PackedScene" id=2]
[ext_resource path="res://Scenes/Games/Tabletop/Prefabs/PlayerHand/PlayerHand.gd" type="Script" id=3]

[sub_resource type="BoxShape" id=3]
extents = Vector3( 2.2072, 1.65432, 4.18425 )

[sub_resource type="ViewportTexture" id=4]
viewport_path = NodePath("Viewport")

[sub_resource type="SpatialMaterial" id=5]
resource_local_to_scene = true
albedo_texture = SubResource( 4 )

[sub_resource type="PlaneMesh" id=6]
resource_local_to_scene = true
material = SubResource( 5 )
size = Vector2( 4, 1 )

[sub_resource type="PrismMesh" id=7]
size = Vector3( 2, 3, 8 )

[node name="PlayerHand" type="Spatial"]
script = ExtResource( 3 )

[node name="NetworkEntity" parent="." instance=ExtResource( 2 )]

[node name="Viewport" type="Viewport" parent="."]
size = Vector2( 60, 15 )
own_world = true
render_target_v_flip = true

[node name="CanvasLayer" type="CanvasLayer" parent="Viewport"]

[node name="Label" type="Label" parent="Viewport/CanvasLayer"]
anchor_right = 1.0
anchor_bottom = 1.0
margin_right = 263.0
margin_bottom = 14.0
__meta__ = {
"_edit_use_anchors_": false
}

[node name="Visibility" type="Area" parent="."]
transform = Transform( -4.37114e-08, 0, -1, 0, 1, 0, 1, 0, -4.37114e-08, 0, 1.487, 0 )
script = ExtResource( 1 )

[node name="CollisionShape" type="CollisionShape" parent="Visibility"]
shape = SubResource( 3 )

[node name="MeshInstance" type="MeshInstance" parent="."]
transform = Transform( -1, 8.74228e-08, -4.02341e-21, 3.82137e-15, 4.37114e-08, -1, -8.74228e-08, -1, -4.37114e-08, 0, 6, 1.58325 )
mesh = SubResource( 6 )
material/0 = null

[node name="MeshInstance2" type="MeshInstance" parent="."]
transform = Transform( 1, 1.06581e-14, 3.82137e-15, 3.82137e-15, 4.37114e-08, -1, -1.06581e-14, 1, 4.37114e-08, 0, 6, 1.58325 )
mesh = SubResource( 6 )
material/0 = null

[node name="CSGMesh" type="CSGMesh" parent="."]
transform = Transform( -4.37114e-08, 0, 1, 0, 1, 0, -1, 0, -4.37114e-08, 0, 0, -2.20358 )
visible = false
use_collision = true
mesh = SubResource( 7 )

[connection signal="on_set" from="NetworkEntity" to="." method="_on_NetworkEntity_on_set"]
[connection signal="body_entered" from="Visibility" to="." method="_on_Visibility_body_entered"]
[connection signal="body_entered" from="Visibility" to="Visibility" method="_on_Visibility_body_entered"]
[connection signal="body_exited" from="Visibility" to="Visibility" method="_on_Visibility_body_exited"]
[connection signal="input_event" from="Visibility" to="." method="_on_Visibility_input_event"]
